<record><leader>00000cas a22000007a 4500</leader><controlfield tag="001">18385149</controlfield><controlfield tag="008">880822c19359999pauwr ne      0    0eng d</controlfield><datafield ind1=" " ind2=" " tag="010"><subfield code="a">sn 88081010 </subfield></datafield><datafield ind1=" " ind2=" " tag="040"><subfield code="a">NPH</subfield><subfield code="b">eng</subfield><subfield code="c">NPH</subfield><subfield code="d">OCLCQ</subfield></datafield><datafield ind1="1" ind2=" " tag="029"><subfield code="a">AU@</subfield><subfield code="b">000051671273</subfield></datafield><datafield ind1=" " ind2=" " tag="042"><subfield code="a">msc</subfield></datafield><datafield ind1="0" ind2=" " tag="130"><subfield code="a">Glenside news (Glenside, Pa. : 1935)</subfield></datafield><datafield ind1="1" ind2="0" tag="245"><subfield code="a">Glenside news.</subfield></datafield><datafield ind1="1" ind2="3" tag="246"><subfield code="a">Glenside news Easton Road guide</subfield></datafield><datafield ind1="1" ind2="7" tag="246"><subfield code="a">Montgomery newspapers</subfield></datafield><datafield ind1=" " ind2=" " tag="260"><subfield code="a">Glenside, Pa. :</subfield><subfield code="b">Robinson Pub. Co.</subfield></datafield><datafield ind1=" " ind2=" " tag="300"><subfield code="a">v. :</subfield><subfield code="b">ill. ;</subfield><subfield code="c">58 cm.</subfield></datafield><datafield ind1=" " ind2=" " tag="310"><subfield code="a">Weekly</subfield></datafield><datafield ind1="1" ind2=" " tag="362"><subfield code="a">Began in 1935.</subfield></datafield><datafield ind1=" " ind2=" " tag="500"><subfield code="a">Serving "Roslyn, Edge Hill, North Hills, Oreland and Ardsley."</subfield></datafield><datafield ind1=" " ind2=" " tag="500"><subfield code="a">"Times chronicle newspapers," &lt;1961&gt;.</subfield></datafield><datafield ind1=" " ind2=" " tag="588"><subfield code="a">Description based on: No. 670 (Dec. 5, 1935).</subfield></datafield><datafield ind1=" " ind2=" " tag="752"><subfield code="a">United States</subfield><subfield code="b">Pennsylvania</subfield><subfield code="c">Montgomery</subfield><subfield code="d">Glenside.</subfield></datafield><datafield ind1="0" ind2="0" tag="780"><subfield code="t">East Montgomery County news</subfield><subfield code="w">(DLC)sn 88081009</subfield></datafield></record>